1788 2791
408 163 620 232 Virgil’s
664 160 1015 232 “Gathering
1055 161 1118 212 of
1153 159 1243 212 the
1286 160 1492 211 Clans'’

281 271 597 328 Circaeumque
622 273 787 328 iugum,
811 272 910 328 quis
935 272 1136 328 luppiter
1157 271 1371 313 Anxurus
1396 269 1516 312 arvis

194 365 257 395 800
278 351 504 405 praesidet
527 360 570 394 et
594 351 728 394 viridi
752 352 957 406 gaudens
983 351 1175 393 Feronia
1198 351 1318 399 luco;

277 445 365 485 qua
389 430 578 474 Saturae
601 431 713 473 iacet
739 439 836 473 atra
860 432 988 486 palus
1011 430 1275 485 gelidusque
1300 445 1375 485 per
1400 429 1512 470 imas

277 510 449 567 quaerit
473 510 554 553 iter
578 510 706 552 vallis
732 517 864 565 atque
887 510 933 551 in
956 525 1076 552 mare
1098 510 1307 552 conditur
1330 509 1482 551 erns.

335 589 434 631 Hos
458 604 589 643 super
613 588 798 631 advenit
821 589 987 631 Volsca
1011 589 1069 631 de
1093 596 1225 644 gente
1250 588 1440 630 Camilla

277 683 437 723 agmen
459 683 597 723 agens
617 668 815 723 equitum
835 675 879 710 et
902 667 1102 711 florentis
1125 683 1223 710 aere
1244 675 1456 718 catervas,

274 747 494 797 bellatrix,
521 762 611 789 non
639 747 715 789 illa
743 747 839 789 colo
867 747 1112 790 calathisve
1140 748 1368 790 Minervae

274 826 488 869 femineas
514 827 703 869 adsueta
728 842 898 877 manus,
922 827 1002 869 sed
1028 827 1196 882 proelia
1218 827 1345 882 virgo

276 905 390 947 dura
418 904 512 959 pati
539 919 755 960 cursuque
781 905 947 959 pedum
975 912 1249 959 praevertere
1275 913 1441 947 ventos.

275 983 351 1026 illa
376 984 444 1026 vel
468 983 662 1026 intactae
687 983 850 1038 segetis
877 999 953 1038 per
977 999 1148 1026 summa
1175 985 1343 1026 volaret

274 1063 479 1119 gramina
506 1079 585 1106 nec
612 1070 786 1105 teneras
811 1078 940 1105 cursu
968 1063 1168 1105 laesisset
1196 1063 1367 1114 aristas,

190 1151 253 1180 διο
275 1144 343 1185 vel
366 1158 486 1185 mare
511 1159 587 1198 per
610 1143 807 1185 medium
834 1143 971 1185 fluctu
997 1158 1213 1198 suspensa
1237 1144 1424 1186 tumenti

273 1222 404 1265 ferret
427 1222 509 1264 iter
531 1222 682 1265 celeris
705 1237 784 1264 nec
807 1222 999 1277 tingeret
1023 1238 1211 1278 aequore
1236 1223 1424 1278 plantas.

274 1303 395 1344 illam
421 1302 565 1344 omnis
591 1302 718 1345 tectis
743 1302 951 1357 agrisque
976 1303 1116 1344 effusa
1142 1303 1347 1346 iuventus

273 1382 491 1437 turbaque
517 1382 702 1424 miratur
726 1389 919 1424 matrum
944 1389 986 1424 et
1013 1390 1268 1437 prospectat
1293 1391 1481 1429 euntem,

274 1461 478 1504 attonitis
506 1461 683 1504 inhians
711 1461 872 1504 animis
898 1468 946 1504 ut
971 1461 1119 1516 regius
1145 1469 1266 1504 ostro

274 1542 387 1583 velet
408 1541 549 1583 honos
571 1540 679 1582 levis
702 1555 887 1591 umeros,
909 1547 957 1583 ut
980 1540 1118 1583 fibula
1139 1541 1303 1584 crinem

277 1636 385 1663 auro
403 1620 677 1669 internectat,
699 1620 885 1674 Lyciam
905 1627 954 1662 ut
974 1627 1100 1676 gerat
1121 1621 1220 1676 ipsa
1241 1621 1494 1676 pharetram

272 1705 313 1740 et
339 1697 607 1752 pastoralem
632 1696 832 1751 praefixa
855 1697 1042 1752 cuspide
1065 1705 1269 1752 myrtum.

919 2398 971 2439 24
