1788 2791
172 326 236 363 670

180 1856 243 1892 690

388 200 595 270 Virgil's
637 206 670 227 “
695 197 994 268 Gathering
1035 195 1097 248 of
1129 196 1219 247 the
1262 194 1467 246 Clans’'

315 312 432 354 Tum
457 311 623 367 gemini
651 311 808 353 fratres
836 309 1044 351 Tiburtia
1070 307 1245 350 moenia
1271 306 1490 361 linquunt,

257 388 408 431 fratris
434 388 611 430 Tiburti
639 387 807 429 dictam
831 385 1096 441 cognomine
1121 391 1310 440 gentem,

259 465 536 519 Catillusque
561 479 744 518 acerque
771 464 922 512 Coras,
945 461 1119 516 Argiva
1145 461 1362 510 iuventus,

258 549 300 583 et
324 541 512 594 primam
535 548 637 582 ante
662 540 799 582 aciem
824 539 964 581 densa
987 538 1099 580 inter
1120 537 1208 579 tela
1230 537 1454 579 feruntur:

257 633 334 660 ceu
360 618 451 659 duo
475 617 726 671 nubigenae
748 631 846 657 cum
870 614 1030 657 vertice
1054 613 1217 655 montis
1241 613 1298 655 ab
1323 612 1414 654 alto

258 694 538 737 descendunt
566 693 776 735 Centauri
805 692 1027 734 Homolen
1052 691 1333 745 Othrquue
1359 690 1548 732 nivalem

259 771 507 825 linquentes
533 785 662 812 cursu
690 769 875 824 rapido;
905 770 986 811 dat
1012 768 1218 811 euntibus
1247 768 1403 822 ingens

260 847 372 889 silva
400 848 544 888 locum
571 854 612 888 et
640 861 805 901 magno
833 845 997 888 cedunt
1025 845 1218 899 virgulta
1246 844 1432 899 fragore.

319 924 411 966 Nec
438 922 751 965 Praenestinae
776 922 991 964 fundator
1017 920 1160 963 defuit
1187 920 1320 970 urbis,

261 1000 462 1042 Volcano
486 1000 685 1054 genitum
710 1014 867 1054 pecora
891 999 1002 1040 inter
1027 998 1221 1052 agrestia
1245 1013 1391 1052 regem

261 1076 576 1131 inventumque
596 1076 706 1118 focis
728 1075 871 1117 omnis
893 1091 1019 1130 quem
1042 1075 1236 1117 credidit
1259 1082 1394 1125 aetas,

260 1154 486 1196 Caeculus,
548 1154 664 1195 hunc
692 1153 810 1208 legio
838 1154 926 1195 late
955 1153 1191 1195 comitatur
1220 1152 1434 1207 agrestis:

261 1230 424 1286 quique
447 1232 585 1273 altum
611 1232 846 1273 Praeneste
871 1231 951 1271 viri
977 1231 1139 1285 quique
1164 1246 1268 1271 arva
1295 1230 1498 1272 Gabinae

263 1308 448 1351 Iunonis
472 1308 758 1363 gelidumque
782 1309 998 1350 Anienem
1024 1316 1066 1350 et
1091 1308 1268 1349 roscida
1293 1308 1399 1349 rivis

264 1385 459 1427 Hernica
487 1400 596 1426 saxa
622 1386 784 1434 colunt,
811 1400 921 1439 quos
948 1385 1074 1426 dives
1101 1383 1315 1438 Anagnia
1341 1384 1496 1438 pascit,

263 1477 386 1516 quos,
406 1461 630 1503 Amasene
654 1469 788 1515 pater.
852 1476 939 1502 non
964 1461 1050 1502 illis
1072 1460 1278 1502 omnibus
1301 1476 1423 1502 arma

264 1553 342 1579 nec
365 1537 493 1591 clipei
519 1553 725 1579 currusve
750 1546 910 1579 sonant
925 1553 933 1586 ;
960 1553 1063 1592 pars
1088 1537 1284 1579 maxima
1308 1538 1499 1592 glandes

266 1613 442 1654 liventis
468 1613 633 1667 plumbi
659 1613 845 1667 spargit,
868 1628 971 1667 pars
995 1614 1165 1668 spicula
1188 1620 1334 1669 gestat

265 1690 370 1731 bina
396 1704 541 1739 manu,
566 1690 798 1744 fulvosque
822 1690 914 1744 lupi
941 1690 998 1732 de
1024 1690 1135 1744 pelle
1159 1691 1334 1744 galeros

266 1773 440 1820 tegmen
465 1766 629 1807 habent
652 1766 813 1820 capiti;
837 1766 1028 1821 vestigia
1052 1767 1176 1809 nuda
1199 1767 1366 1809 sinistri

268 1842 495 1884 instituere
519 1842 660 1896 pediS,
684 1843 849 1885 crudus
872 1843 983 1897 tegit
1007 1843 1145 1886 altera
1171 1859 1285 1898 pero.

323 1919 385 1960 At
417 1919 663 1973 Messapus,
690 1934 850 1974 equum
877 1919 1085 1969 domitor,
1115 1921 1342 1974 Neptunia
1371 1921 1527 1976 proles,

265 2009 394 2048 quern
416 2009 556 2048 neque
576 1994 644 2036 fas
667 1994 760 2048 igni
782 1994 988 2050 cuiquam
1009 2010 1087 2038 nec
1109 2003 1300 2038 sternere
1320 1996 1446 2048 ferro,

267 2070 355 2112 iam
382 2071 552 2124 pridem
579 2071 746 2113 resides
771 2072 959 2126 populos
986 2072 1256 2127 desuetaque
1281 2074 1394 2115 bello

267 2148 449 2201 agmina
475 2148 517 2189 in
541 2164 663 2189 arma
688 2156 811 2190 vocat
841 2148 987 2191 subito
1010 2149 1259 2204 ferrumque
1282 2157 1501 2194 retractat.

266 2225 308 2266 hi
337 2224 636 2267 Fescenninas
661 2224 776 2266 acics
800 2240 1051 2280 aequosque
1076 2226 1110 2267 F
1116 2225 1287 2276 aliseos,

267 2305 310 2346 lii
341 2304 537 2347 Soractis
566 2305 729 2346 habent
759 2320 878 2347 arces
908 2305 1201 2360 Flaviniaque
1228 2321 1334 2348 arva

267 2389 306 2422 et
336 2381 500 2422 Cimini
526 2396 624 2422 cum
652 2388 800 2423 monte
826 2382 967 2423 lacum
997 2383 1202 2437 lucosque
1230 2382 1447 2438 Capenos.

917 2463 963 2503 14
