1788 2791
385 188 595 258 Virgil's
636 185 990 257 “Gathering
1032 187 1093 238 of
1128 187 1217 238 the
1262 188 1422 238 Clans
1449 188 1476 205 ''

259 299 385 342 ibant
409 299 587 355 aequati
612 314 792 341 numero
816 314 1051 354 regemque
1073 298 1318 341 canebant:

258 401 335 427 ceu
360 385 591 440 quondam
614 384 731 427 nivei
756 384 930 440 liquida
955 384 1067 426 inter
1091 383 1244 426 nubila
1267 383 1393 438 cycni

173 485 238 516 700
257 484 355 512 cum
377 485 470 512 sese
489 485 512 511 e
534 476 665 524 pastu
687 468 879 511 referunt
899 476 942 511 et
962 469 1098 522 longa
1118 483 1305 510 canoros

258 555 371 596 dant
398 570 473 609 per
498 554 611 596 colla
637 553 808 604 modos,
834 561 963 595 sonat
989 553 1132 595 amnis
1157 560 1199 595 et
1223 552 1335 594 Asia
1360 553 1492 607 longe

259 638 386 692 pulsa
415 638 553 691 palus.

256 723 353 777 [nec
377 722 613 778 quisquam
640 728 813 763 aeratas
839 721 954 763 acies
977 736 1032 763 ex
1058 721 1235 775 agmine
1260 727 1386 763 tanto

257 808 427 850 misceri
452 815 588 862 putet,
611 807 775 849 aeriam
799 808 876 849 sed
901 807 1078 861 gurgite
1101 808 1157 848 ab
1181 807 1271 848 alto

254 893 398 948 urgeri
428 893 652 934 volucrum
680 907 910 934 raucarum
939 891 998 933 ad
1026 891 1157 933 litora
1183 892 1374 945 nubem]

314 978 429 1021 Ecce
455 977 723 1020 Sabinorum
750 977 894 1032 prisco
921 977 978 1019 de
1005 976 1222 1032 sanguine
1248 992 1459 1031 magnum

255 1078 416 1118 agmen
445 1078 583 1117 agens
614 1063 803 1104 Clausus
832 1061 1072 1117 magnique
1101 1061 1196 1116 ipse
1225 1061 1417 1116 agminis
1447 1061 1600 1111 instar,

257 1147 450 1190 Claudia
476 1162 591 1189 nunc
618 1163 642 1189 a
668 1163 755 1201 quo
781 1146 1054 1189 diffunditur
1078 1154 1120 1189 et
1145 1146 1286 1188 tribus
1312 1154 1353 1188 et
1378 1162 1487 1201 gens

255 1248 330 1288 per
355 1232 546 1282 Latium,
569 1239 805 1287 postquam
828 1231 873 1273 in
897 1239 1066 1286 partem
1091 1232 1201 1273 data
1224 1232 1368 1273 Roma
1390 1231 1581 1275 Sabinis,

170 1336 232 1366 710
253 1333 340 1360 una
369 1317 527 1371 ingens
554 1316 788 1359 Amiterna
815 1316 972 1358 cohors
1002 1316 1220 1371 priscique
1249 1316 1458 1370 Quirites,

253 1402 377 1444 Ereti
402 1417 560 1443 manus
585 1400 730 1443 omnis
754 1399 1068 1454 oliviferaeque
1095 1401 1348 1446 Mutuscae;

252 1487 326 1542 qui
352 1487 622 1529 Nomentum
646 1486 809 1536 urbem,
831 1485 906 1540 qui
930 1485 1076 1527 Rosea
1099 1501 1197 1527 rura
1223 1485 1384 1535 Velini,

250 1588 334 1628 que
362 1572 564 1615 Tetricae
590 1571 810 1613 horrentis
838 1586 968 1625 rupes
995 1577 1276 1625 montemque
1305 1571 1513 1612 Severum

253 1657 599 1712 Casperiamque
624 1657 774 1699 colunt
802 1656 1076 1710 Forulosque
1102 1663 1144 1698 et
1172 1655 1336 1698 flumen
1363 1656 1597 1705 Himellae,

250 1744 323 1799 qui
348 1744 544 1785 Tiberim
568 1742 866 1798 Fabarimque
887 1742 1058 1793 bibunt,
1078 1757 1188 1797 quos
1208 1742 1377 1796 frigida
1399 1741 1518 1784 misit

252 1828 428 1878 Nursia,
453 1835 494 1869 et
519 1827 708 1870 Ortinae
731 1828 894 1870 classes
919 1827 1159 1882 populique
1185 1827 1349 1877 Latini,

249 1928 447 1968 quosque
472 1927 626 1955 secans
651 1912 894 1954 infaustum
921 1912 1117 1954 interluit
1141 1912 1264 1953 Allia
1289 1927 1446 1954 nomen
1467 1930 1474 1953 :

248 2013 381 2053 quam
409 1998 534 2040 multi
565 1997 735 2051 Libyco
762 1998 999 2039 volvuntur
1026 2012 1242 2039 marmore
1271 1997 1431 2040 fluctus

249 2099 406 2125 saevus
432 2083 504 2124 ubi
529 2082 669 2124 Orion
696 2082 891 2124 hibernis
914 2082 1122 2124 conditur
1146 2082 1292 2131 undis,

162 2190 225 2220 720
249 2169 314 2211 vel
341 2184 436 2210 cum
466 2169 555 2209 sole
579 2183 695 2209 novo
722 2169 887 2211 densae
910 2175 1130 2210 torrentur
1155 2168 1317 2211 aristae

248 2261 323 2295 aut
347 2252 499 2295 Hermi
523 2268 681 2306 campo
704 2260 774 2293 aut
802 2252 967 2306 llyciae
991 2252 1259 2294 flaventibus
1282 2252 1408 2294 arvis.

249 2347 368 2381 scuta
395 2346 553 2379 sonant
580 2338 795 2392 pulsuque
820 2338 983 2392 pedum
1007 2338 1242 2380 conterrita
1268 2338 1405 2380 tellus.

898 2430 944 2469 16
