1788 2791
459 211 667 281 Virgil's
710 218 740 239 ‘⁶
765 211 1064 281 Gathering
1104 209 1167 261 of
1201 210 1291 261 the
1335 213 1490 261 Clans
1514 211 1542 229 ''

327 323 511 366 fulmine
536 323 867 377 Phoebigenam
893 323 1078 378 Stygias
1104 323 1293 366 detrusit
1318 324 1376 365 ad
1404 323 1562 365 undas.

326 411 372 446 at
398 403 553 445 Trivia
580 403 882 458 Hippolytum
908 403 1084 446 secretis
1110 403 1228 446 alma
1252 403 1454 446 recondit

328 482 511 525 sedibus
532 490 575 525 et
598 482 823 537 nymphae
846 482 1039 537 Egeriae
1061 482 1315 538 nemorique
1337 483 1517 537 relegat,

329 562 448 605 solus
474 562 549 605 ubi
576 562 621 604 in
648 562 771 604 silvis
798 562 923 604 Italis
950 562 1162 617 ignobilis
1188 578 1343 605 aevum

324 641 521 696 exigeret
547 657 759 696 versoque
785 641 859 683 ubi
886 641 1064 684 nomine
1089 641 1273 684 Virbius
1298 649 1422 683 esset.

328 720 448 763 unde
475 720 609 763 etiam
637 721 803 776 templo
832 720 1012 763 Triviae
1039 720 1235 776 lucisque
1263 721 1448 763 sacratis

324 800 588 856 cornipedes
612 808 814 842 arcentur
836 800 949 855 equi,
971 801 1093 855 quod
1116 800 1244 842 litore
1265 815 1439 842 currum

243 885 309 924 780
325 888 367 922 et
394 880 594 922 iuvenem
620 879 830 921 monstris
856 879 1012 933 pavidi
1038 879 1234 921 effudere
1259 878 1453 921 marinis.

329 959 447 1001 filius
468 958 668 1001 ardentis
689 959 811 1001 haud
834 958 970 1001 setius
993 974 1181 1013 aequore
1200 958 1346 1012 campi

325 1039 556 1082 exercebat
583 1055 718 1095 equos
745 1055 959 1094 curruque
986 1039 1029 1081 in
1058 1039 1172 1081 bella
1199 1039 1365 1081 ruebat.

386 1117 487 1171 Ipse
511 1116 624 1158 inter
648 1116 814 1171 primos
839 1116 1085 1170 praestanti
1107 1131 1290 1170 corpore
1315 1116 1493 1157 Turnus

325 1196 510 1238 vertitur
536 1212 658 1238 arma
684 1203 839 1238 tenens
863 1203 905 1238 et
931 1202 1026 1238 toto
1053 1195 1214 1237 vertice
1240 1210 1375 1250 supra
1399 1201 1475 1237 est.

326 1275 395 1318 cui
421 1275 584 1329 triplici
610 1274 770 1317 crinita
795 1274 901 1317 iuba
926 1274 1056 1329 galea
1083 1274 1174 1316 alta
1201 1274 1483 1316 Chimaeram

328 1355 515 1398 sustinet
542 1355 770 1398 Aetnaeos
797 1355 1020 1397 efflantem
1048 1354 1252 1396 faucibus
1280 1353 1420 1408 ignis;

325 1442 416 1476 tam
441 1434 586 1489 magis
610 1434 686 1476 illa
709 1434 899 1477 fremens
922 1441 964 1476 et
988 1433 1190 1476 tristibus
1213 1433 1348 1476 effera
1372 1432 1565 1474 fiammis

327 1530 460 1570 quam
490 1514 635 1568 magis
663 1514 804 1556 effuso
831 1513 1096 1556 crudescunt
1125 1512 1343 1568 sanguine
1372 1527 1560 1567 pugnae.

326 1603 371 1637 at
397 1596 537 1637 levem
563 1595 752 1649 clipeum
780 1594 967 1636 sublatis
995 1593 1202 1636 cornibus
1232 1594 1280 1634 Io

246 1681 309 1713 790
330 1690 436 1716 auro
459 1673 719 1728 insignibat,
744 1673 831 1715 iam
856 1673 990 1715 saetis
1013 1673 1173 1723 obsita,
1196 1673 1285 1714 iam
1308 1673 1401 1723 bos,

325 1761 635 1808 argumentum
664 1754 832 1807 ingens,
857 1761 899 1795 et
925 1761 1073 1795 custos
1100 1753 1286 1808 virginis
1313 1753 1476 1807 Argus,

328 1832 586 1887 caelataque
611 1847 783 1874 amnem
807 1832 1001 1874 fundens
1026 1838 1150 1886 pater
1174 1832 1365 1874 Inachus
1387 1847 1508 1873 urna.

327 1912 572 1966 insequitur
600 1912 777 1953 nimbus
806 1912 1008 1966 peditum
1037 1911 1315 1966 clipeataque
1343 1911 1450 1954 totis

327 1990 509 2045 agmina
537 1991 778 2032 densentur
805 1989 986 2044 campis,
1013 1990 1274 2045 Argivaque
1302 1990 1439 2045 pubes

330 2071 653 2124 Auruncaeque
682 2085 851 2119 manus,
880 2069 1033 2111 Rutuli
1062 2077 1315 2124 veteresque
1343 2069 1506 2119 Sicani,

331 2158 373 2192 et
398 2151 620 2192 Sacranae
644 2150 758 2192 acies
781 2157 823 2191 et
851 2149 954 2203 picti
981 2157 1105 2191 scuta
1131 2149 1309 2198 Labici;

331 2228 406 2284 qui
430 2230 581 2279 saltus,
606 2229 826 2278 Tiberine,
850 2237 948 2270 tuos
974 2244 1231 2283 sacrumque
1256 2229 1431 2271 Numici

331 2309 436 2351 litus
463 2316 588 2350 arant
617 2309 893 2362 Rutulosque
917 2316 1119 2350 exercent
1144 2323 1318 2351 vomere
1341 2308 1466 2350 collis

978 2445 1028 2472 22
