1788 2791
451 178 658 248 Virgil’s
701 183 733 204 “
760 175 1060 243 Gathering
1100 173 1162 224 of
1195 174 1286 224 the
1329 175 1488 226 Clans
1513 175 1542 193 ''

326 293 479 340 erns,
505 289 725 344 insignem
751 287 871 329 fama
897 294 940 329 et
965 286 1168 329 felicibus
1195 286 1341 336 armis,

326 365 509 408 horrida
534 362 769 419 praecipue
791 361 860 404 cui
883 376 993 416 gens
1017 360 1293 415 adsuetaque
1314 361 1454 403 multo

325 446 488 482 venatu
515 452 755 486 nemorum,
781 435 906 477 duris
930 434 1178 489 Aequicula
1203 434 1385 489 glaebis.

327 512 485 555 armati
512 520 673 553 terram
698 516 901 553 exercent
927 523 1183 564 semperque
1208 507 1394 550 recentis

325 592 582 628 convectare
605 584 729 626 iuvat
753 582 946 638 praedas
968 589 1011 624 et
1032 581 1178 624 vivere
1198 588 1340 635 rapto.

240 684 302 715 750
386 659 507 713 Quin
530 667 572 701 et
598 657 826 700 Marruvia
849 656 969 698 venit
993 657 1051 698 de
1074 662 1205 710 gente
1228 655 1437 698 sacerdos

325 733 486 775 fronde
512 746 642 786 super
668 731 843 785 galeam
868 737 910 772 et
935 729 1050 771 felici
1076 735 1280 782 comptus
1303 728 1423 770 oliva

326 805 546 860 Archippi
573 804 691 858 regis
717 803 866 853 missu,
890 801 1158 844 fortissimus
1183 801 1367 851 Vmbro,

328 879 504 935 vipereo
530 877 680 933 generi
706 884 748 920 et
772 876 968 932 graviter
995 874 1270 930 spirantibus
1294 874 1453 929 hydris

328 967 536 1008 spargere
560 951 635 1006 qui
661 965 839 992 somnos
863 956 1084 1004 cantuque
1107 963 1329 1002 manuque
1353 948 1536 997 solebat,

327 1026 634 1080 mulcebatque
659 1024 748 1066 iras
772 1030 814 1066 et
841 1038 1011 1065 morsus
1038 1029 1131 1064 arte
1156 1021 1344 1064 levabat.

327 1100 407 1143 sed
431 1115 520 1141 non
544 1097 808 1140 Dardaniae
832 1096 1044 1138 medicari
1068 1094 1270 1150 cuspidis
1293 1094 1429 1137 ictum

327 1173 493 1216 evaluit
519 1187 660 1227 neque
687 1186 784 1213 eum
813 1171 959 1212 iuvere
985 1170 1030 1211 in
1058 1169 1239 1210 vulnera
1266 1175 1423 1210 cantus

328 1246 553 1289 somniferi
583 1252 625 1287 et
657 1244 820 1286 Marsis
847 1243 1075 1297 quaesitae
1104 1242 1330 1284 montibus
1358 1241 1531 1283 herbae.

326 1328 369 1363 te
395 1335 549 1362 nemus
577 1319 805 1374 Angitiae,
834 1318 973 1359 vitrea
1002 1324 1044 1358 te
1074 1316 1268 1358 Fucinus
1297 1315 1433 1365 unda,

241 1409 304 1447 760
329 1402 371 1437 te
394 1393 555 1448 liquidi
582 1393 740 1434 flevere
764 1393 896 1434 lacus.

388 1470 489 1512 Ibat
511 1478 553 1511 et
578 1468 820 1523 Hippolyti
846 1467 990 1523 proles
1016 1466 1308 1522 pulcherrima
1333 1465 1459 1516 bello,

329 1543 525 1594 Virbius,
550 1542 771 1597 insignem
797 1556 927 1596 quem
952 1548 1092 1583 mater
1116 1540 1270 1582 Aricia
1294 1539 1428 1589 misit,

328 1618 538 1661 eductum
567 1616 760 1671 Egeriae
785 1615 895 1658 lucis
924 1613 1120 1657 umentia
1149 1613 1311 1656 circum

328 1692 472 1742 litora,
494 1691 676 1747 pinguis
698 1690 773 1733 ubi
796 1697 839 1733 et
861 1688 1094 1744 placabilis
1117 1704 1194 1730 ara
1218 1688 1403 1729 Dianae.

328 1781 519 1821 namque
566 1765 712 1807 ferunt
761 1764 882 1805 fama
931 1763 1246 1817 Hippolytum,
1296 1769 1533 1816 postquam
1582 1769 1677 1803 arte

445 1855 658 1883 novercae

329 1914 542 1958 occiderit
565 1913 821 1968 patriasque
843 1911 1031 1966 explerit
1055 1910 1272 1965 sanguine
1296 1925 1462 1965 poenas

327 1988 518 2031 turbatis
547 1988 790 2030 distractus
817 1986 953 2041 equis,
981 1986 1041 2027 ad
1070 1985 1219 2027 sidera
1246 1999 1395 2026 rursus

332 2061 527 2105 aetheria
550 2068 592 2103 et
617 2075 800 2115 superas
823 2059 931 2101 caeli
958 2058 1129 2101 venisse
1152 2058 1233 2099 sub
1259 2072 1402 2107 auras,

334 2135 539 2179 Paeoniis
562 2141 813 2177 revocatum
838 2132 985 2175 herbis
1008 2140 1049 2174 ct
1075 2147 1223 2174 amore
1247 2131 1432 2174 Dianae.

246 2232 311 2264 770
329 2219 422 2253 tum
447 2217 571 2265 pater
594 2208 876 2262 omnipotens
900 2206 1089 2261 aliquem
1113 2205 1378 2260 indignatus
1402 2206 1458 2247 ab
1481 2204 1648 2247 umbris

334 2284 562 2325 mortalem
589 2281 771 2324 infernis
796 2281 853 2321 ad
879 2280 1047 2322 lumina
1072 2294 1249 2333 surgere
1273 2279 1403 2328 vitae,

336 2360 428 2414 ipsc
453 2364 717 2412 repertorem
745 2354 993 2397 medicinae
1018 2353 1121 2395 talis
1147 2360 1187 2395 et
1215 2352 1323 2395 artis

979 2423 1032 2452 20
