<?xml version="1.0" encoding="UTF-8"?>
<!DOCTYPE html PUBLIC "-//W3C//DTD XHTML 1.0 Transitional//EN"
    "http://www.w3.org/TR/xhtml1/DTD/xhtml1-transitional.dtd">
<html xmlns="http://www.w3.org/1999/xhtml" xml:lang="en" lang="en">
 <head>
  <title>
</title>
<meta http-equiv="Content-Type" content="text/html;charset=utf-8" />
  <meta name='ocr-system' content='tesseract 3.04.00' />
  <meta name='ocr-capabilities' content='ocr_page ocr_carea ocr_par ocr_line ocrx_word'/>
</head>
<body>
  <div class='ocr_page' id='page_1' title='image "./virgilsgathering00fowl_0024.png"; bbox 0 0 1788 2791; ppageno 0'>
   <div class='ocr_carea' id='block_1_1' title="bbox 474 169 1554 241">
    <p class='ocr_par' dir='ltr' id='par_1_1' title="bbox 474 169 1554 241">
     <span class='ocr_line' id='line_1_1' title="bbox 474 169 1554 241; baseline -0.001 -20"><span class='ocrx_word' id='word_1_1' title='bbox 474 171 683 240; x_wconf 84' lang='lat' dir='ltr'>Virgil&#39;s</span> <span class='ocrx_word' id='word_1_2' title='bbox 724 179 757 200; x_wconf 91' lang='lat'><strong><em>“</em></strong></span> <span class='ocrx_word' id='word_1_3' title='bbox 782 170 1080 241; x_wconf 82' lang='lat' dir='ltr'>Gathering</span> <span class='ocrx_word' id='word_1_4' title='bbox 1122 170 1184 221; x_wconf 93' lang='lat' dir='ltr'>of</span> <span class='ocrx_word' id='word_1_5' title='bbox 1217 171 1308 221; x_wconf 87' lang='lat' dir='ltr'>the</span> <span class='ocrx_word' id='word_1_6' title='bbox 1347 171 1501 220; x_wconf 85' lang='lat' dir='ltr'>Clans</span> <span class='ocrx_word' id='word_1_7' title='bbox 1525 169 1554 188; x_wconf 90' lang='lat'>’&#39;</span> 
     </span>
    </p>
   </div>
   <div class='ocr_carea' id='block_1_2' title="bbox 262 281 1694 2260">
    <p class='ocr_par' dir='ltr' id='par_1_2' title="bbox 345 281 1553 913">
     <span class='ocr_line' id='line_1_2' title="bbox 405 281 1553 337; baseline 0 -13"><span class='ocrx_word' id='word_1_8' title='bbox 405 283 526 326; x_wconf 91' lang='lat' dir='ltr'>Hinc</span> <span class='ocrx_word' id='word_1_9' title='bbox 548 282 945 337; x_wconf 85' lang='lat' dir='ltr'>Agamemnonius,</span> <span class='ocrx_word' id='word_1_10' title='bbox 971 282 1157 325; x_wconf 87' lang='lat' dir='ltr'>Troiani</span> <span class='ocrx_word' id='word_1_11' title='bbox 1182 282 1374 324; x_wconf 89' lang='lat' dir='ltr'>nominis</span> <span class='ocrx_word' id='word_1_12' title='bbox 1399 281 1553 331; x_wconf 89' lang='lat' dir='ltr'>hostis,</span> 
     </span>
     <span class='ocr_line' id='line_1_3' title="bbox 345 376 1499 433; baseline -0.002 -13"><span class='ocrx_word' id='word_1_13' title='bbox 345 393 473 420; x_wconf 88' lang='lat' dir='ltr'>curru</span> <span class='ocrx_word' id='word_1_14' title='bbox 498 378 644 432; x_wconf 86' lang='lat' dir='ltr'>iungit</span> <span class='ocrx_word' id='word_1_15' title='bbox 670 378 893 420; x_wconf 78' lang='lat' dir='ltr'>Halaesus</span> <span class='ocrx_word' id='word_1_16' title='bbox 918 393 1055 433; x_wconf 92' lang='lat' dir='ltr'>equos</span> <span class='ocrx_word' id='word_1_17' title='bbox 1079 379 1318 432; x_wconf 85' lang='lat' dir='ltr'>Turnoque</span> <span class='ocrx_word' id='word_1_18' title='bbox 1342 376 1499 419; x_wconf 81' lang='lat' dir='ltr'>ferocis</span> 
     </span>
     <span class='ocr_line' id='line_1_4' title="bbox 346 473 1411 530; baseline -0.001 -14"><span class='ocrx_word' id='word_1_19' title='bbox 346 475 465 519; x_wconf 91' lang='lat' dir='ltr'>mille</span> <span class='ocrx_word' id='word_1_20' title='bbox 490 474 608 530; x_wconf 81' lang='lat' dir='ltr'>rapit</span> <span class='ocrx_word' id='word_1_21' title='bbox 636 475 837 529; x_wconf 92' lang='lat' dir='ltr'>populos,</span> <span class='ocrx_word' id='word_1_22' title='bbox 863 482 1039 517; x_wconf 89' lang='lat' dir='ltr'>vertunt</span> <span class='ocrx_word' id='word_1_23' title='bbox 1065 474 1210 517; x_wconf 78' lang='lat' dir='ltr'>felicia</span> <span class='ocrx_word' id='word_1_24' title='bbox 1238 473 1411 516; x_wconf 89' lang='lat' dir='ltr'>Baccho</span> 
     </span>
     <span class='ocr_line' id='line_1_5' title="bbox 349 569 1446 625; baseline 0 -14"><span class='ocrx_word' id='word_1_25' title='bbox 349 570 544 613; x_wconf 84' lang='lat' dir='ltr'>Massica</span> <span class='ocrx_word' id='word_1_26' title='bbox 567 570 642 625; x_wconf 91' lang='lat' dir='ltr'>qui</span> <span class='ocrx_word' id='word_1_27' title='bbox 667 570 834 620; x_wconf 88' lang='lat' dir='ltr'>rastris,</span> <span class='ocrx_word' id='word_1_28' title='bbox 856 578 899 612; x_wconf 91' lang='lat' dir='ltr'>et</span> <span class='ocrx_word' id='word_1_29' title='bbox 921 585 1032 625; x_wconf 93' lang='lat' dir='ltr'>quos</span> <span class='ocrx_word' id='word_1_30' title='bbox 1056 570 1112 612; x_wconf 90' lang='lat' dir='ltr'>de</span> <span class='ocrx_word' id='word_1_31' title='bbox 1135 569 1320 612; x_wconf 88' lang='lat' dir='ltr'>collibus</span> <span class='ocrx_word' id='word_1_32' title='bbox 1345 569 1446 612; x_wconf 90' lang='lat' dir='ltr'>altis</span> 
     </span>
     <span class='ocr_line' id='line_1_6' title="bbox 345 665 1366 721; baseline -0.003 -12"><span class='ocrx_word' id='word_1_33' title='bbox 345 666 545 709; x_wconf 87' lang='lat' dir='ltr'>Aurunci</span> <span class='ocrx_word' id='word_1_34' title='bbox 570 666 726 708; x_wconf 84' lang='lat' dir='ltr'>misere</span> <span class='ocrx_word' id='word_1_35' title='bbox 752 673 899 721; x_wconf 86' lang='lat' dir='ltr'>patres</span> <span class='ocrx_word' id='word_1_36' title='bbox 925 665 1216 721; x_wconf 90' lang='lat' dir='ltr'>Sidicinaque</span> <span class='ocrx_word' id='word_1_37' title='bbox 1240 665 1366 707; x_wconf 84' lang='lat' dir='ltr'>iuxta</span> 
     </span>
     <span class='ocr_line' id='line_1_7' title="bbox 346 762 1550 819; baseline -0.002 -13"><span class='ocrx_word' id='word_1_38' title='bbox 346 779 550 819; x_wconf 87' lang='lat' dir='ltr'>aequora,</span> <span class='ocrx_word' id='word_1_39' title='bbox 573 762 736 818; x_wconf 90' lang='lat' dir='ltr'>quique</span> <span class='ocrx_word' id='word_1_40' title='bbox 761 762 889 804; x_wconf 91' lang='lat' dir='ltr'>Cales</span> <span class='ocrx_word' id='word_1_41' title='bbox 912 762 1118 817; x_wconf 89' lang='lat' dir='ltr'>linquunt</span> <span class='ocrx_word' id='word_1_42' title='bbox 1141 762 1370 817; x_wconf 91' lang='lat' dir='ltr'>amnisque</span> <span class='ocrx_word' id='word_1_43' title='bbox 1392 762 1550 804; x_wconf 77' lang='lat' dir='ltr'>vadosi</span> 
     </span>
     <span class='ocr_line' id='line_1_8' title="bbox 347 857 1438 913; baseline -0.003 -12"><span class='ocrx_word' id='word_1_44' title='bbox 347 859 494 902; x_wconf 89' lang='lat' dir='ltr'>accola</span> <span class='ocrx_word' id='word_1_45' title='bbox 525 858 747 908; x_wconf 78' lang='lat' dir='ltr'>Volturni,</span> <span class='ocrx_word' id='word_1_46' title='bbox 776 858 1027 913; x_wconf 80' lang='lat' dir='ltr'>pariterque</span> <span class='ocrx_word' id='word_1_47' title='bbox 1057 857 1280 900; x_wconf 76' lang='lat' dir='ltr'>Saticulus</span> <span class='ocrx_word' id='word_1_48' title='bbox 1309 873 1438 912; x_wconf 86' lang='lat' dir='ltr'>asper</span> 
     </span>
    </p>

    <p class='ocr_par' dir='ltr' id='par_1_3' title="bbox 262 953 1506 1203">
     <span class='ocr_line' id='line_1_9' title="bbox 262 953 1506 1010; baseline -0.001 -13"><span class='ocrx_word' id='word_1_49' title='bbox 262 965 326 997; x_wconf 91' lang='lat'>730</span> <span class='ocrx_word' id='word_1_50' title='bbox 346 957 652 1010; x_wconf 88' lang='lat' dir='ltr'>Oscorumque</span> <span class='ocrx_word' id='word_1_51' title='bbox 676 969 843 996; x_wconf 88' lang='lat' dir='ltr'>manus.</span> <span class='ocrx_word' id='word_1_52' title='bbox 905 961 1064 996; x_wconf 90' lang='lat' dir='ltr'>teretes</span> <span class='ocrx_word' id='word_1_53' title='bbox 1086 961 1189 996; x_wconf 90' lang='lat' dir='ltr'>sunt</span> <span class='ocrx_word' id='word_1_54' title='bbox 1214 953 1395 1008; x_wconf 83' lang='lat' dir='ltr'>aclydes</span> <span class='ocrx_word' id='word_1_55' title='bbox 1420 954 1506 996; x_wconf 91' lang='lat' dir='ltr'>illis</span> 
     </span>
     <span class='ocr_line' id='line_1_10' title="bbox 346 1049 1407 1104; baseline -0.002 -11"><span class='ocrx_word' id='word_1_56' title='bbox 346 1051 446 1101; x_wconf 88' lang='lat' dir='ltr'>tela,</span> <span class='ocrx_word' id='word_1_57' title='bbox 467 1051 545 1093; x_wconf 89' lang='lat' dir='ltr'>sed</span> <span class='ocrx_word' id='word_1_58' title='bbox 568 1051 676 1093; x_wconf 90' lang='lat' dir='ltr'>haec</span> <span class='ocrx_word' id='word_1_59' title='bbox 696 1050 816 1092; x_wconf 90' lang='lat' dir='ltr'>lento</span> <span class='ocrx_word' id='word_1_60' title='bbox 837 1064 932 1092; x_wconf 91' lang='lat' dir='ltr'>mos</span> <span class='ocrx_word' id='word_1_61' title='bbox 953 1057 1018 1092; x_wconf 91' lang='lat' dir='ltr'>est</span> <span class='ocrx_word' id='word_1_62' title='bbox 1040 1056 1194 1104; x_wconf 85' lang='lat' dir='ltr'>aptare</span> <span class='ocrx_word' id='word_1_63' title='bbox 1217 1049 1407 1104; x_wconf 85' lang='lat' dir='ltr'>flagello.</span> 
     </span>
     <span class='ocr_line' id='line_1_11' title="bbox 345 1147 1417 1203; baseline -0.001 -13"><span class='ocrx_word' id='word_1_64' title='bbox 345 1149 496 1192; x_wconf 87' lang='lat' dir='ltr'>laevas</span> <span class='ocrx_word' id='word_1_65' title='bbox 518 1155 666 1191; x_wconf 90' lang='lat' dir='ltr'>caetra</span> <span class='ocrx_word' id='word_1_66' title='bbox 689 1148 813 1203; x_wconf 83' lang='lat' dir='ltr'>tegit,</span> <span class='ocrx_word' id='word_1_67' title='bbox 836 1147 988 1190; x_wconf 78' lang='lat' dir='ltr'>falcati</span> <span class='ocrx_word' id='word_1_68' title='bbox 1013 1147 1258 1189; x_wconf 90' lang='lat' dir='ltr'>comminus</span> <span class='ocrx_word' id='word_1_69' title='bbox 1282 1162 1417 1189; x_wconf 90' lang='lat' dir='ltr'>enses.</span> 
     </span>
    </p>

    <p class='ocr_par' dir='ltr' id='par_1_4' title="bbox 346 1243 1694 1876">
     <span class='ocr_line' id='line_1_12' title="bbox 406 1243 1455 1294; baseline -0.002 -7"><span class='ocrx_word' id='word_1_70' title='bbox 406 1246 498 1287; x_wconf 92' lang='lat' dir='ltr'>Nec</span> <span class='ocrx_word' id='word_1_71' title='bbox 522 1253 570 1287; x_wconf 91' lang='lat' dir='ltr'>tu</span> <span class='ocrx_word' id='word_1_72' title='bbox 591 1244 863 1287; x_wconf 82' lang='lat' dir='ltr'>carminibus</span> <span class='ocrx_word' id='word_1_73' title='bbox 887 1244 1050 1286; x_wconf 84' lang='lat' dir='ltr'>nostris</span> <span class='ocrx_word' id='word_1_74' title='bbox 1076 1244 1273 1286; x_wconf 90' lang='lat' dir='ltr'>indictus</span> <span class='ocrx_word' id='word_1_75' title='bbox 1298 1243 1455 1294; x_wconf 89' lang='lat' dir='ltr'>abibis,</span> 
     </span>
     <span class='ocr_line' id='line_1_13' title="bbox 346 1339 1594 1396; baseline -0.002 -13"><span class='ocrx_word' id='word_1_76' title='bbox 346 1341 528 1391; x_wconf 87' lang='lat' dir='ltr'>Oebale,</span> <span class='ocrx_word' id='word_1_77' title='bbox 551 1355 679 1396; x_wconf 89' lang='lat' dir='ltr'>quem</span> <span class='ocrx_word' id='word_1_78' title='bbox 706 1355 940 1394; x_wconf 82' lang='lat' dir='ltr'>generasse</span> <span class='ocrx_word' id='word_1_79' title='bbox 966 1340 1108 1382; x_wconf 89' lang='lat' dir='ltr'>Telon</span> <span class='ocrx_word' id='word_1_80' title='bbox 1133 1339 1374 1382; x_wconf 85' lang='lat' dir='ltr'>Sebethide</span> <span class='ocrx_word' id='word_1_81' title='bbox 1397 1339 1594 1394; x_wconf 83' lang='lat' dir='ltr'>nympha</span> 
     </span>
     <span class='ocr_line' id='line_1_14' title="bbox 348 1437 1475 1491; baseline -0.002 -11"><span class='ocrx_word' id='word_1_82' title='bbox 348 1438 495 1488; x_wconf 78' lang='lat' dir='ltr'>fertur,</span> <span class='ocrx_word' id='word_1_83' title='bbox 522 1438 763 1480; x_wconf 89' lang='lat' dir='ltr'>Teleboum</span> <span class='ocrx_word' id='word_1_84' title='bbox 792 1437 988 1491; x_wconf 84' lang='lat' dir='ltr'>Capreas</span> <span class='ocrx_word' id='word_1_85' title='bbox 1012 1451 1110 1478; x_wconf 87' lang='lat' dir='ltr'>cum</span> <span class='ocrx_word' id='word_1_86' title='bbox 1136 1452 1273 1491; x_wconf 81' lang='lat' dir='ltr'>regna</span> <span class='ocrx_word' id='word_1_87' title='bbox 1298 1443 1475 1487; x_wconf 89' lang='lat' dir='ltr'>teneret,</span> 
     </span>
     <span class='ocr_line' id='line_1_15' title="bbox 352 1531 1350 1587; baseline -0.002 -12"><span class='ocrx_word' id='word_1_88' title='bbox 352 1535 439 1576; x_wconf 92' lang='lat' dir='ltr'>iam</span> <span class='ocrx_word' id='word_1_89' title='bbox 460 1534 626 1582; x_wconf 89' lang='lat' dir='ltr'>senior;</span> <span class='ocrx_word' id='word_1_90' title='bbox 647 1532 805 1587; x_wconf 87' lang='lat' dir='ltr'>patriis</span> <span class='ocrx_word' id='word_1_91' title='bbox 826 1532 904 1574; x_wconf 91' lang='lat' dir='ltr'>sed</span> <span class='ocrx_word' id='word_1_92' title='bbox 925 1547 1014 1574; x_wconf 93' lang='lat' dir='ltr'>non</span> <span class='ocrx_word' id='word_1_93' title='bbox 1031 1540 1074 1574; x_wconf 85' lang='lat' dir='ltr'>et</span> <span class='ocrx_word' id='word_1_94' title='bbox 1096 1531 1213 1573; x_wconf 85' lang='lat' dir='ltr'>filius</span> <span class='ocrx_word' id='word_1_95' title='bbox 1234 1532 1350 1573; x_wconf 74' lang='lat' dir='ltr'>arvis</span> 
     </span>
     <span class='ocr_line' id='line_1_16' title="bbox 348 1627 1336 1670; baseline -0.001 0"><span class='ocrx_word' id='word_1_96' title='bbox 348 1635 581 1670; x_wconf 88' lang='lat' dir='ltr'>contentus</span> <span class='ocrx_word' id='word_1_97' title='bbox 607 1629 695 1670; x_wconf 86' lang='lat' dir='ltr'>late</span> <span class='ocrx_word' id='word_1_98' title='bbox 722 1627 810 1669; x_wconf 88' lang='lat' dir='ltr'>iam</span> <span class='ocrx_word' id='word_1_99' title='bbox 836 1635 928 1669; x_wconf 90' lang='lat' dir='ltr'>tum</span> <span class='ocrx_word' id='word_1_100' title='bbox 955 1627 1132 1669; x_wconf 89' lang='lat' dir='ltr'>dicione</span> <span class='ocrx_word' id='word_1_101' title='bbox 1157 1628 1336 1670; x_wconf 90' lang='lat' dir='ltr'>tenebat</span> 
     </span>
     <span class='ocr_line' id='line_1_17' title="bbox 350 1723 1554 1779; baseline -0.002 -11"><span class='ocrx_word' id='word_1_102' title='bbox 350 1724 567 1768; x_wconf 86' lang='lat' dir='ltr'>Sarrastis</span> <span class='ocrx_word' id='word_1_103' title='bbox 594 1724 783 1779; x_wconf 89' lang='lat' dir='ltr'>populos</span> <span class='ocrx_word' id='word_1_104' title='bbox 808 1731 850 1766; x_wconf 89' lang='lat' dir='ltr'>et</span> <span class='ocrx_word' id='word_1_105' title='bbox 876 1739 988 1779; x_wconf 90' lang='lat' dir='ltr'>quae</span> <span class='ocrx_word' id='word_1_106' title='bbox 1012 1723 1130 1778; x_wconf 85' lang='lat' dir='ltr'>rigat</span> <span class='ocrx_word' id='word_1_107' title='bbox 1156 1739 1348 1778; x_wconf 88' lang='lat' dir='ltr'>aequora</span> <span class='ocrx_word' id='word_1_108' title='bbox 1374 1724 1554 1774; x_wconf 88' lang='lat' dir='ltr'>Sarnus,</span> 
     </span>
     <span class='ocr_line' id='line_1_18' title="bbox 348 1820 1694 1876; baseline 0 -14"><span class='ocrx_word' id='word_1_109' title='bbox 348 1821 510 1876; x_wconf 88' lang='lat' dir='ltr'>quique</span> <span class='ocrx_word' id='word_1_110' title='bbox 529 1821 693 1863; x_wconf 70' lang='lat' dir='ltr'>Rufras</span> <span class='ocrx_word' id='word_1_111' title='bbox 712 1821 1007 1876; x_wconf 86' lang='lat' dir='ltr'>Batulumque</span> <span class='ocrx_word' id='word_1_112' title='bbox 1023 1828 1173 1863; x_wconf 91' lang='lat' dir='ltr'>tenent</span> <span class='ocrx_word' id='word_1_113' title='bbox 1190 1828 1322 1874; x_wconf 90' lang='lat' dir='ltr'>atque</span> <span class='ocrx_word' id='word_1_114' title='bbox 1340 1835 1446 1862; x_wconf 85' lang='lat' dir='ltr'>arva</span> <span class='ocrx_word' id='word_1_115' title='bbox 1457 1820 1694 1862; x_wconf 83' lang='lat' dir='ltr'>Celemnae</span> 
     </span>
    </p>

    <p class='ocr_par' dir='ltr' id='par_1_5' title="bbox 265 1917 1506 2260">
     <span class='ocr_line' id='line_1_19' title="bbox 265 1917 1478 1973; baseline -0.002 -10"><span class='ocrx_word' id='word_1_116' title='bbox 265 1943 328 1973; x_wconf 84' lang='lat'>740</span> <span class='ocrx_word' id='word_1_117' title='bbox 349 1928 389 1961; x_wconf 79' lang='lat' dir='ltr'>et</span> <span class='ocrx_word' id='word_1_118' title='bbox 413 1934 523 1973; x_wconf 83' lang='lat' dir='ltr'>quos</span> <span class='ocrx_word' id='word_1_119' title='bbox 548 1918 773 1960; x_wconf 83' lang='lat' dir='ltr'>maliferae</span> <span class='ocrx_word' id='word_1_120' title='bbox 798 1919 1060 1972; x_wconf 84' lang='lat' dir='ltr'>despectant</span> <span class='ocrx_word' id='word_1_121' title='bbox 1083 1917 1255 1960; x_wconf 88' lang='lat' dir='ltr'>moenia</span> <span class='ocrx_word' id='word_1_122' title='bbox 1281 1917 1478 1968; x_wconf 85' lang='lat' dir='ltr'>Abellae,</span> 
     </span>
     <span class='ocr_line' id='line_1_20' title="bbox 352 2013 1285 2069; baseline -0.002 -13"><span class='ocrx_word' id='word_1_123' title='bbox 352 2015 598 2058; x_wconf 83' lang='lat' dir='ltr'>Teutonico</span> <span class='ocrx_word' id='word_1_124' title='bbox 622 2015 707 2056; x_wconf 84' lang='lat' dir='ltr'>ritu</span> <span class='ocrx_word' id='word_1_125' title='bbox 733 2014 851 2056; x_wconf 90' lang='lat' dir='ltr'>soliti</span> <span class='ocrx_word' id='word_1_126' title='bbox 875 2022 1076 2069; x_wconf 86' lang='lat' dir='ltr'>torquere</span> <span class='ocrx_word' id='word_1_127' title='bbox 1097 2013 1285 2062; x_wconf 81' lang='lat' dir='ltr'>cateias;</span> 
     </span>
     <span class='ocr_line' id='line_1_21' title="bbox 352 2109 1506 2165; baseline -0.002 -13"><span class='ocrx_word' id='word_1_128' title='bbox 352 2111 549 2165; x_wconf 85' lang='lat' dir='ltr'>tegmina</span> <span class='ocrx_word' id='word_1_129' title='bbox 574 2110 672 2164; x_wconf 84' lang='lat' dir='ltr'>quis</span> <span class='ocrx_word' id='word_1_130' title='bbox 695 2109 892 2164; x_wconf 84' lang='lat' dir='ltr'>capitum</span> <span class='ocrx_word' id='word_1_131' title='bbox 918 2117 1072 2163; x_wconf 83' lang='lat' dir='ltr'>raptus</span> <span class='ocrx_word' id='word_1_132' title='bbox 1098 2110 1155 2151; x_wconf 92' lang='lat' dir='ltr'>de</span> <span class='ocrx_word' id='word_1_133' title='bbox 1180 2109 1333 2151; x_wconf 87' lang='lat' dir='ltr'>subere</span> <span class='ocrx_word' id='word_1_134' title='bbox 1356 2117 1506 2151; x_wconf 85' lang='lat' dir='ltr'>cortex</span> 
     </span>
     <span class='ocr_line' id='line_1_22' title="bbox 352 2204 1444 2260; baseline -0.002 -12"><span class='ocrx_word' id='word_1_135' title='bbox 352 2213 614 2260; x_wconf 85' lang='lat' dir='ltr'>aerataeque</span> <span class='ocrx_word' id='word_1_136' title='bbox 635 2204 798 2246; x_wconf 84' lang='lat' dir='ltr'>micant</span> <span class='ocrx_word' id='word_1_137' title='bbox 823 2205 977 2258; x_wconf 87' lang='lat' dir='ltr'>peltae,</span> <span class='ocrx_word' id='word_1_138' title='bbox 1000 2204 1133 2246; x_wconf 86' lang='lat' dir='ltr'>micat</span> <span class='ocrx_word' id='word_1_139' title='bbox 1155 2219 1306 2246; x_wconf 89' lang='lat' dir='ltr'>aereus</span> <span class='ocrx_word' id='word_1_140' title='bbox 1327 2204 1444 2247; x_wconf 89' lang='lat' dir='ltr'>ensis</span> 
     </span>
    </p>
   </div>
   <div class='ocr_carea' id='block_1_3' title="bbox 411 2300 1430 2432">
    <p class='ocr_par' dir='ltr' id='par_1_6' title="bbox 411 2300 1430 2432">
     <span class='ocr_line' id='line_1_23' title="bbox 411 2300 1430 2354; baseline 0 -12"><span class='ocrx_word' id='word_1_141' title='bbox 411 2301 470 2342; x_wconf 85' lang='lat' dir='ltr'>Et</span> <span class='ocrx_word' id='word_1_142' title='bbox 495 2309 536 2343; x_wconf 84' lang='lat' dir='ltr'>te</span> <span class='ocrx_word' id='word_1_143' title='bbox 561 2308 790 2343; x_wconf 80' lang='lat' dir='ltr'>montosae</span> <span class='ocrx_word' id='word_1_144' title='bbox 812 2300 967 2343; x_wconf 87' lang='lat' dir='ltr'>misere</span> <span class='ocrx_word' id='word_1_145' title='bbox 991 2300 1035 2342; x_wconf 90' lang='lat' dir='ltr'>in</span> <span class='ocrx_word' id='word_1_146' title='bbox 1061 2301 1226 2354; x_wconf 84' lang='lat' dir='ltr'>proclia</span> <span class='ocrx_word' id='word_1_147' title='bbox 1253 2301 1430 2349; x_wconf 82' lang='lat' dir='ltr'>Nersae,</span> 
     </span>
     <span class='ocr_line' id='line_1_24' title="bbox 1000 2391 1047 2432; baseline 0 0"><span class='ocrx_word' id='word_1_148' title='bbox 1000 2391 1047 2432; x_wconf 80' lang='lat'>18</span> 
     </span>
    </p>
   </div>
  </div>
 </body>
</html>
