1788 2791
175 758 236 790 601

174 1582 238 1613 610

513 490 838 538 AENEID
893 492 1027 539 VII.
1080 493 1345 550 601—817

598 622 653 673 (F
655 635 730 661 rom
752 623 809 661 the
832 621 982 674 Oxford
1005 622 1115 668 Text,
1142 624 1260 672 1904)

320 748 429 789 MOS
452 755 545 790 erat
570 747 789 802 Hesperio
812 748 857 789 in
882 748 1027 798 Latio,
1049 763 1176 803 quem
1200 747 1402 802 protinus
1427 747 1557 789 urbes

258 838 466 881 Albanae
487 839 658 882 coluere
681 854 866 889 sacrum,
889 854 1004 882 nunc
1027 839 1224 881 maxima
1247 854 1389 881 rerum

261 929 405 972 Roma
428 930 545 980 colit,
568 946 666 973 cum
691 930 834 985 prima
858 938 1035 973 movent
1060 931 1103 972 in
1130 930 1297 985 proelia
1323 931 1524 977 Martem,

260 1020 352 1063 sive
379 1020 504 1063 Getis
530 1021 688 1064 inferre
713 1036 847 1063 manu
873 1021 1144 1064 lacrimabile
1169 1022 1330 1064 bellurn

263 1110 542 1165 Hyrcanisve
564 1112 783 1154 Arabisve
804 1119 977 1167 parant,
1001 1127 1074 1153 seu
1098 1112 1278 1154 tendere
1299 1112 1359 1153 ad
1384 1112 1523 1154 Indos

258 1202 567 1257 Auroramque
594 1202 715 1258 sequi
745 1203 1021 1257 Parthosque
1047 1217 1272 1257 reposcere
1298 1202 1453 1256 signa:

258 1301 360 1337 sunt
384 1293 588 1349 geminae
613 1294 723 1336 Belli
750 1301 904 1348 portae
931 1293 1011 1347 (sic
1036 1293 1214 1335 nomine
1239 1293 1414 1347 dicunt)

257 1384 471 1440 religione
495 1401 645 1427 sacrae
669 1392 711 1427 et
734 1385 854 1427 saevi
878 1384 1119 1426 formidine
1145 1383 1304 1426 Martis
1318 1400 1327 1433 ;

257 1483 432 1517 centum
461 1476 574 1518 aerei
600 1476 817 1518 claudunt
844 1483 988 1517 vectes
1016 1483 1281 1530 aeternaque
1306 1474 1407 1517 ferri

258 1566 430 1617 robora,
454 1581 532 1608 nec
555 1573 704 1608 custos
730 1566 907 1607 absistit
931 1565 1082 1607 limine
1107 1566 1267 1607 Ianus:

257 1655 350 1706 has,
376 1656 450 1697 ubi
476 1663 594 1698 certa
621 1656 744 1698 sedet
770 1655 972 1711 patribus
999 1655 1218 1698 sententia
1246 1670 1434 1710 pugnae,

258 1745 353 1800 ipse
377 1746 599 1800 Quirinali
624 1747 777 1788 trabea
800 1746 1033 1802 cinctuque
1058 1746 1235 1788 Gabino

258 1837 448 1892 insignis
474 1845 638 1880 reserat
665 1838 902 1880 stridentia
929 1838 1082 1879 limina
1108 1838 1273 1887 consul,

258 1928 353 1983 ipse
379 1935 506 1970 vocat
533 1942 708 1983 pugnas
723 1944 731 1976 ;
758 1927 954 1982 sequitur
978 1935 1069 1969 tum
1094 1934 1237 1970 cetera
1263 1927 1413 1981 pubes,

258 2032 471 2072 aereaque
497 2017 690 2058 adsensu
716 2016 974 2071 conspirant
1000 2031 1165 2058 cornua
1189 2031 1331 2059 rauco.

256 2109 338 2150 hoc
361 2115 402 2149 et
427 2115 519 2149 tum
546 2107 773 2149 Aeneadis
799 2107 991 2149 indicere
1014 2107 1128 2148 bella
1154 2107 1353 2148 Latinus.

258 2213 376 2239 more
401 2197 633 2239 iubebatur
655 2197 881 2252 tristisque
902 2197 1125 2239 recludere
1150 2204 1310 2250 portas.

259 2289 474 2331 abstinuit
502 2297 621 2330 tactu
650 2296 773 2343 pater
798 2304 1063 2343 aversusque
1087 2288 1249 2342 refugit

258 2379 387 2421 foeda
417 2379 674 2425 ministeria,
699 2386 736 2420 et
765 2379 905 2420 caecis
932 2395 976 2420 se
1001 2379 1204 2420 condidit
1236 2378 1411 2420 umbris

907 2463 931 2505 8
