1788 2791
196 875 259 914 650

188 1672 252 1703 660

413 210 622 279 Virgil's
663 215 696 236 “
718 207 1016 277 Gathering
1059 206 1120 257 of
1154 205 1244 257 the
1287 206 1444 257 Clans
1469 206 1496 222 ’'

285 319 546 374 complerint
571 334 753 373 campos
781 317 908 367 acies,
933 317 1094 372 quibus
1120 316 1234 358 Itala
1260 315 1349 357 iam
1374 323 1467 357 tum

288 398 483 440 floruerit
510 406 624 440 terra
651 398 767 439 alma
794 396 911 447 viris,
935 396 1096 451 quibus
1122 395 1275 437 arserit
1302 395 1458 442 armis;

283 484 323 519 et
352 476 615 519 meministis
640 476 769 525 enim,
797 475 942 525 divae,
968 483 1009 517 et
1037 489 1277 516 memorare
1306 473 1513 528 potestis;

284 556 343 598 ad
367 571 448 598 nos
472 556 547 597 vix
570 555 714 597 tenuis
736 555 882 598 famae
906 554 1147 609 perlabitur
1171 569 1289 595 aura.

342 635 514 677 Primus
542 635 623 676 init
649 635 811 677 bellum
838 634 1082 689 Tyrrhenis
1109 649 1237 689 asper
1263 633 1320 674 ab
1345 633 1434 675 oris

280 721 558 769 contemptor
590 714 744 755 divum
779 713 1023 755 Mezentius
1056 713 1323 767 agminaque
1356 720 1508 753 armat.

282 794 401 836 filius
424 793 526 835 huic
550 793 676 835 iuxta
703 794 889 843 Lausus,
913 808 1000 848 quo
1026 792 1247 847 pulchrior
1272 792 1380 833 alter

284 888 370 914 non
390 872 475 915 fuit
497 880 682 927 excepto
706 872 941 914 Laurentis
964 886 1146 926 corpore
1169 871 1333 920 Turni;

284 954 468 1002 Lausus,
491 967 650 1007 equum
676 951 872 994 domitor
897 951 1229 1005 debellatorque
1254 951 1456 1001 ferarum,

281 1031 403 1073 ducit
426 1031 643 1085 Agyllina
667 1030 935 1085 nequiquam
956 1045 1011 1072 ex
1034 1029 1138 1072 urbe
1161 1037 1333 1071 secutos

280 1109 396 1152 mille
420 1110 550 1160 viros,
575 1109 742 1164 dignus
769 1109 927 1163 patriis
949 1109 1024 1163 qui
1050 1108 1206 1151 laetior
1229 1116 1342 1150 esset

280 1190 476 1243 imperiis
498 1197 539 1232 et
563 1190 632 1232 cui
660 1197 784 1244 pater
807 1190 929 1231 haud
956 1189 1201 1231 Mezentius
1223 1196 1347 1231 esset.

336 1269 442 1310 Post
465 1269 546 1310 hos
570 1268 790 1323 insignem
815 1269 963 1323 palma
987 1284 1063 1323 per
1085 1268 1289 1322 gramina
1312 1283 1485 1310 currum

279 1347 550 1402 victoresque
576 1354 771 1389 ostentat
799 1363 934 1402 equos
961 1354 1084 1389 satus
1112 1348 1302 1389 Hercule
1329 1347 1510 1401 pulchro

277 1426 455 1480 pulcher
480 1426 745 1476 Aventinus,
770 1426 998 1480 clipeoque
1025 1425 1199 1480 insigne
1227 1433 1457 1480 paternum

274 1513 449 1547 centum
471 1505 632 1559 anguis
652 1505 929 1560 cinctamque
950 1505 1063 1559 gerit
1086 1505 1364 1559 serpentibus
1386 1505 1618 1559 Hydram

272 1584 396 1625 collis
418 1583 632 1625 Aventini
657 1583 768 1624 silva
790 1598 918 1638 quem
943 1583 1067 1625 Rhea
1092 1582 1300 1624 sacerdos

272 1663 484 1706 furtivum
515 1671 644 1718 partu
674 1664 755 1705 sub
783 1663 963 1705 luminis
991 1662 1139 1705 edidit
1167 1678 1279 1713 oras,

272 1742 414 1784 mixta
443 1743 528 1784 deo
556 1743 721 1792 mulier,
750 1750 986 1797 postquam
1014 1742 1256 1784 Laurentia
1285 1742 1423 1785 victor

274 1821 478 1875 Geryone
505 1821 725 1863 exstincto
754 1821 987 1876 Tirythius
1016 1821 1167 1875 attigit
1196 1837 1314 1871 arva,

271 1900 592 1955 Tyrrhenoque
617 1901 751 1943 boves
778 1901 821 1942 in
850 1901 1032 1943 flumine
1056 1901 1165 1942 lavit
1193 1901 1395 1942 Hiberas.

272 1980 362 2035 pila
388 1995 520 2022 manu
546 1996 788 2035 saevosque
811 1988 970 2035 gerunt
996 1981 1040 2022 in
1064 1981 1175 2022 bella
1203 1981 1400 2031 dolones,

270 2068 311 2102 et
338 2060 461 2101 tereti
491 2068 692 2114 pugnant
715 2075 921 2102 mucrone
946 2075 1135 2114 veruque
1161 2059 1348 2102 Sabello.

272 2140 365 2194 ipse
394 2140 541 2194 pedes,
569 2139 762 2193 tegimen
788 2147 997 2194 torquens
1025 2139 1214 2181 immane
1242 2139 1393 2188 leonis,

269 2218 452 2260 terribili
478 2218 702 2272 impexum
726 2226 849 2261 saeta
873 2233 969 2260 cum
995 2218 1205 2260 dentibus
1228 2218 1341 2260 albis

270 2299 454 2341 indutus
479 2299 628 2353 capiti,
652 2299 713 2341 sic
737 2299 859 2353 regia
883 2306 997 2341 tecta
1024 2299 1213 2348 subibat,

267 2378 475 2419 horridus
508 2377 811 2432 Herculeoque
843 2392 1015 2419 umeros
1046 2377 1232 2419 innexus
1263 2378 1436 2420 amictu.

911 2459 956 2486 12
